<record><leader>00000cas a2200000 a 4500</leader><controlfield tag="001">13720116</controlfield><controlfield tag="008">860612c19859999deumr ne      0    0eng d</controlfield><datafield ind1=" " ind2=" " tag="010"><subfield code="a">sn 88053034 </subfield></datafield><datafield ind1=" " ind2=" " tag="040"><subfield code="a">DLM</subfield><subfield code="b">eng</subfield><subfield code="c">DLM</subfield><subfield code="d">DEX</subfield><subfield code="d">OCL</subfield><subfield code="d">OCLCQ</subfield></datafield><datafield ind1=" " ind2=" " tag="037"><subfield code="b">Taproot, P.O. Box 530, Newark, DE 19715</subfield></datafield><datafield ind1=" " ind2=" " tag="042"><subfield code="a">msc</subfield></datafield><datafield ind1="0" ind2=" " tag="130"><subfield code="a">Taproot (Newark, Del.)</subfield></datafield><datafield ind1="1" ind2="0" tag="245"><subfield code="a">Taproot.</subfield></datafield><datafield ind1="3" ind2="0" tag="246"><subfield code="a">Tap root</subfield></datafield><datafield ind1=" " ind2=" " tag="260"><subfield code="a">Newark, Del. :</subfield><subfield code="b">Taproot, Inc.</subfield></datafield><datafield ind1=" " ind2=" " tag="300"><subfield code="a">v. :</subfield><subfield code="b">ill. (some col.) ;</subfield><subfield code="c">35 cm.</subfield></datafield><datafield ind1=" " ind2=" " tag="310"><subfield code="a">Monthly</subfield></datafield><datafield ind1="1" ind2=" " tag="362"><subfield code="a">Began with Sept. 1985 issue.</subfield></datafield><datafield ind1=" " ind2=" " tag="588"><subfield code="a">Description based on: Vol. 1, no. 2 (Oct. 1985).</subfield></datafield><datafield ind1=" " ind2=" " tag="752"><subfield code="a">United States</subfield><subfield code="b">Delaware</subfield><subfield code="c">New Castle</subfield><subfield code="d">Newark.</subfield></datafield></record>